# Bibliography entries for biber / biblatex


# wireguard

@online{WireGuard,
	title = "WireGuard white paper",
	url = "https://www.wireguard.com/papers/wireguard.pdf"
}
@online{WireGuardDownload,
	title = "WireGuard download page",
	url = "https://www.wireguard.com/install/"
}

# FreeRTOS doc

@online{FreeRTOSPage,
	title = "FreeRTOS official page",
	url = "https://freertos.org/"
}
@online{FreeRTOSGuide,
	title = "FreeRTOS official tutorial guide",
	url = "https://www.freertos.org/fr-content-src/uploads/2018/07/161204_Mastering_the_FreeRTOS_Real_Time_Kernel-A_Hands-On_Tutorial_Guide.pdf"
}


# FreeRTOS download

@online{freertosdownload,
	title = "FreeRTOS-202112 Distribution Download",
	url = "https://github.com/FreeRTOS/FreeRTOS/releases/download/202112.00/FreeRTOSv202112.00.zip"
}


# esp32 doc

@online{ESP-IDF-Page,
	title = "ESP-IDF official page",
	url = "https://docs.espressif.com/projects/esp-idf/en/latest/esp32/get-started/index.html"
}

@online{Espressif,
title = {Standard Toolchain Setup for Linux and macOS},
url = {https://docs.espressif.com/projects/esp-idf/en/latest/esp32/get-started/linux-macos-setup.html},
}

@online{Git_ESP,
title = {Github ESP-IDF},
url = {https://github.com/espressif/esp-idf.git},
}

@online{ESPcomponents,
title = {ESP-IDF Add a component and buil details},
url = {https://docs.espressif.com/projects/esp-idf/en/latest/esp32/api-guides/build-system.html
},
}

@online{virtualbox,
title = {Virtual Box VM},
url = {https://www.virtualbox.org/},
}

@online{Ubuntu,
title = {Ubuntu Linux},
url = {https://www.ubuntu-it.org/},
}

@online{Netcat,
title = {Netcat commands},
url = {https://linuxize.com/post/netcat-nc-command-with-examples/},
}

@online{Netcat_android,
title = {Netcat app for Android},
url = {https://play.google.com/store/apps/details?id=com.werebug.androidnetcat&hl=it&gl=US},
}

# LwIP doc

@online{lwip_nosys_doc,
	title = "LwIP NO\_SYS documentation",
	url = "http://www.nongnu.org/lwip/2_1_x/group__lwip__opts__nosys.html"
}
@online{lwip_port_nosys,
	title = "LwIP port to NO\_SYS==1 (without an operating system)",
	url = "https://lwip.fandom.com/wiki/Porting_For_Bare_Metal"
}
@online{lwip_port_os,
	title = "LwIP port to an operating system",
	url = "https://lwip.fandom.com/wiki/Porting_for_an_OS"
}

@online{lwip_raw,
	title = "LwIP RAW API",
	url = "https://lwip.fandom.com/wiki/Raw/native_API"
}
@online{lwip_netconn,
	title = "LwIP netconn API",
	url = "https://lwip.fandom.com/wiki/Netconn_API"
}
@online{lwip_socket,
	title = "LwIP BSD socket API",
	url = "https://lwip.fandom.com/wiki/Socket_API"
}


# LwIP download

@online{lwip_download,
	title = "LwIP 2.1.3 source download link",
	url = "http://download.savannah.nongnu.org/releases/lwip/lwip-2.1.3.zip"
}
@online{lwip_contrib_download,
	title = "LwIP contrib package 2.1.0 download link",
	url = "http://download.savannah.nongnu.org/releases/lwip/contrib-2.1.0.zip"
}


# repositories used

@online{wg_smartalock,
	title = "wireguard-lwip module original source",
	url = "https://github.com/smartalock/wireguard-lwip"
}
@online{wg_trombik,
	title = "wireguard-lwip module esp32 source",
	url = "https://github.com/trombik/esp_wireguard"
}
@online{wg_zmeiresearch,
	title = "other wireguard-lwip project tried",
	url = "https://github.com/zmeiresearch/wireguard-lwip"
}

# misc

@online{tai64_timestamp,
	title = "TAI64 timestamps",
	url = "https://cr.yp.to/libtai/tai64.html"
}

@online{wg_protocol_dosprevent,
	title = "WireGuard protocol overview, secion about mitigation of DoS situations / attacks",
	url = "https://www.wireguard.com/protocol/#dos-mitigation"
}

#WireShark
@online{WireShark,
	title = "WireShark official page",
	url = "https://www.wireshark.org/"
}



